
@article {
author = {garhy, mahmoud},
title = {The painting of “Apophis” “Apep”, symbol of evil in the other world’s books
in ancient Egypt},
journal = {مجلة العمارة و الفنون و العلوم الإنسانية},
volume = {4},
number = {17},
pages = {422-442},
year  = {2019},
publisher = {Arab Association for Islamic Civilization and Art},
issn = {2356-9654}, 
eissn = {2357-0342}, 
doi = {10.21608/mjaf.2019.11015.1045},
abstract = {The Ancient Egyptians tried to find reasons for the chaos in the universe, which didn’t stop at wild or harmful animals and venomous reptiles, but skipped it and looked at the natural disasters like storms and earthquakes and volcanoes. And the priests gave explanations for the things which faced them. These explanations evolved from just transient thoughts, to be a basic thing in the ancient Egyptian. And for fighting evilness that was an outcome of it another political dimension. As it was took as an enough reason for the importance to look at the authority and providing all kinds of support to it to face the people against the regime, calling them “evils”. Every morning was considered as a new start in renewing the allegiance between the Egyptians and the ruling king the representative of the “God of the Sun” “Ra”, which was able to pass the obstacles which was put by the snake “Apophis” “Apep”, the devil of the other world. And that with a support of "Heliopolis” and the God “Set” at the front which was known as the only symbol of evilness according to the ancient story of “Isis and Osoris”, but he didn’t save any effort for supporting the “God of the Sun” in his fight against the Snake which had many forms and structures. Starting for the first time as a turtle, sometimes a crocodile, or a scary monster, he also changes structure from one snake to another according to every stage of the fight.And this research cares about tracking “Apophis” historically in ancient Egypt, either on papyrus or as wall drawings. And this is through analytical analysis for these works, which explains the stages of fight between “Apep” from a side and “The God of the Sun” “Ra” and his helpers from another side, so that “Ra” would be able to control and destroy him so that the sun would be able to rise again starting a new day. While “Apophis” would stay waiting at his other side of the world. Waiting for the boat of the Sun starting a new forever fight.},
keywords = {Symbol of Evil,Apophis,Apep,The Other World,ancient Egypt},
title_ar = {تصوير رمز الشر ابوفيس (عبب) في کتب العالم الآخر بمصر القديمة},
abstract_ar = {حاول المصري القديم إيجاد مبررات لقوي الفوضي في الکون والتي لم تتوقف عند الحيوانات الضارة أو المفترسة والزواحف السامة، وإنما تجاوزتها إلي مظاهر الطبيعة من العواصف والزلازل والبراکين، وفي هذا الإطار ابدعت قريحة الکهنة الکثير من التفاسير لما يواجههم من ظواهر وما تبعها من اشکاليات. تطورت تلک التفاسير من مجرد أفکار عابرة إلي أن أصبحت مسلمات راسخة في عقيدة المصري القديم ووجدانه، کما أصبح لمجابهة الشر الناتج عنها بُعد سياسي آخر، حيث اتخذ کمبرر کاف لضرورة الإلتفاف حول السلطة وتقديم کل أوجه الدعم والمساندة لها في مواجهة أعداء النظام الحاکم بوصفهم " شر" يحدق به . وقد کان شروق الشمس کل يوم يعتبر إيذاناً بتجديد تلک البيعة بين المصريين والملک الحاکم ممثل معبود الشمس رع الذي استطاع تجاوز العقبات التي نصبها له الثعبان أبوفيس (عبب) شيطان العالم الآخر، وذلک بدعم من تاسوع هليوبوليس وفي مقدمتهم المعبود ست الذي ساد عنه انطباع بأنه الرمز الوحيد للشر في مصر القديمة وفقاً لاسطورة إيزيس وأوزيريس، إلا أنه لم يدخر جهداً في دعم معبود الشمس في مواجهته مع ذلک الثعبان الذي تتعدد أشکاله وهيئاته، حيث بدا في أول الأمر کسلحفاه ثم ظهر احياناً کتمساح، أو مسخ مرعب، کما يتحول من هيئة ثعبان إلي ثعبان آخر حسب کل مرحلة من مراحل الصراع .يرتکز موضوع البحث الحالي علي تتبع تصوير أبوفيس تاريخياً في کتب العالم الآخر بمصر القديمة، سواء کانت برديات أو رسوم علي الجدران، وذلک من خلال قراءة فنية تحليلية لتلک الأعمال، التي توضح مراحل الصراع بين أبوفيس من جانب ومعبود الشمس رع وحاشيته من جانب آخر، حتي يتمکن رع من السيطرة عليه وتدميره حتى تتمکن الشمس من الشروق معلنة بداية يوم جديد ، بينما يظل ابوفيس متربصاً علي شاطئه بالعالم الآخر، بانتظار قارب الشمس ليستقبلها مع ساعات الغروب الأولي ليبدأ معها فاصل جديد من الصراع الأبدي المستمر .},
keywords_ar = {Symbol of Evil,Apophis,Apep,The Other World,ancient Egypt},	
url = {https://mjaf.journals.ekb.eg/article_37875.html},
eprint = {https://mjaf.journals.ekb.eg/article_37875_c199826b734868c6152822a8adc846bd.pdf}
}
		